% Encoding: UTF-8

@article{Aaij:2014ora,
      author         = "Aaij, Roel and others",
      title          = "{Test of lepton universality using $B^{+}\rightarrow
                        K^{+}\ell^{+}\ell^{-}$ decays}",
      collaboration  = "LHCb",
      journal        = "Phys. Rev. Lett.",
      volume         = "113",
      year           = "2014",
      pages          = "151601",
      doi            = "10.1103/PhysRevLett.113.151601",
      eprint         = "1406.6482",
      archivePrefix  = "arXiv",
      primaryClass   = "hep-ex",
      reportNumber   = "CERN-PH-EP-2014-140, LHCB-PAPER-2014-024",
      SLACcitation   = "%%CITATION = ARXIV:1406.6482;%%"
}

@article{Hiller:2003js,
      author         = "Hiller, Gudrun and Kruger, Frank",
      title          = "{More model-independent analysis of $b \to s$ processes}",
      journal        = "Phys. Rev.",
      volume         = "D69",
      year           = "2004",
      pages          = "074020",
      doi            = "10.1103/PhysRevD.69.074020",
      eprint         = "hep-ph/0310219",
      archivePrefix  = "arXiv",
      primaryClass   = "hep-ph",
      reportNumber   = "LMU-18-03, TUM-HEP-519-03",
      SLACcitation   = "%%CITATION = HEP-PH/0310219;%%"
}

@article{Guevara:2015pza,
      author         = "Guevara, A. and López Castro, G. and Roig, P. and
                        Tostado, S. L.",
      title          = "{Long-distance weak annihilation contribution to the
                        $B^{\pm}\to (\pi^{\pm},K^{\pm}) \ell^+\ell^-$ decays}",
      journal        = "Phys. Rev.",
      volume         = "D92",
      year           = "2015",
      number         = "5",
      pages          = "054035",
      doi            = "10.1103/PhysRevD.92.054035",
      eprint         = "1503.06890",
      archivePrefix  = "arXiv",
      primaryClass   = "hep-ph",
      SLACcitation   = "%%CITATION = ARXIV:1503.06890;%%"
}

@article{Bordone:2016gaq,
      author         = "Bordone, Marzia and Isidori, Gino and Pattori, Andrea",
      title          = "{On the Standard Model predictions for $R_K$ and
                        $R_{K^*}$}",
      journal        = "Eur. Phys. J.",
      volume         = "C76",
      year           = "2016",
      number         = "8",
      pages          = "440",
      doi            = "10.1140/epjc/s10052-016-4274-7",
      eprint         = "1605.07633",
      archivePrefix  = "arXiv",
      primaryClass   = "hep-ph",
      SLACcitation   = "%%CITATION = ARXIV:1605.07633;%%"
}

@article{Descotes-Genon:2013wba,
      author         = "Descotes-Genon, Sebastien and Matias, Joaquim and Virto,
                        Javier",
      title          = "{Understanding the $B\to K^*\mu^+\mu^-$ Anomaly}",
      journal        = "Phys. Rev.",
      volume         = "D88",
      year           = "2013",
      pages          = "074002",
      doi            = "10.1103/PhysRevD.88.074002",
      eprint         = "1307.5683",
      archivePrefix  = "arXiv",
      primaryClass   = "hep-ph",
      reportNumber   = "UAB-FT-737, LPT-ORSAY-13-58",
      SLACcitation   = "%%CITATION = ARXIV:1307.5683;%%"
}

@article{Horgan:2013pva,
      author         = "Horgan, Ronald R. and Liu, Zhaofeng and Meinel, Stefan
                        and Wingate, Matthew",
      title          = "{Calculation of $B^0 \to K^{*0} \mu^+ \mu^-$ and $B_s^0
                        \to \phi \mu^+ \mu^-$ observables using form factors from
                        lattice QCD}",
      journal        = "Phys. Rev. Lett.",
      volume         = "112",
      year           = "2014",
      pages          = "212003",
      doi            = "10.1103/PhysRevLett.112.212003",
      eprint         = "1310.3887",
      archivePrefix  = "arXiv",
      primaryClass   = "hep-ph",
      reportNumber   = "DAMTP-2013-55, MIT-CTP-4508",
      SLACcitation   = "%%CITATION = ARXIV:1310.3887;%%"
}

@article{Ghosh:2014awa,
      author         = "Ghosh, Diptimoy and Nardecchia, Marco and Renner, S. A.",
      title          = "{Hint of Lepton Flavour Non-Universality in $B$ Meson
                        Decays}",
      journal        = "JHEP",
      volume         = "12",
      year           = "2014",
      pages          = "131",
      doi            = "10.1007/JHEP12(2014)131",
      eprint         = "1408.4097",
      archivePrefix  = "arXiv",
      primaryClass   = "hep-ph",
      SLACcitation   = "%%CITATION = ARXIV:1408.4097;%%"
}

@article{Hurth:2014vma,
      author         = "Hurth, T. and Mahmoudi, F. and Neshatpour, S.",
      title          = "{Global fits to $b \to s\ell\ell$ data and signs for
                        lepton non-universality}",
      journal        = "JHEP",
      volume         = "12",
      year           = "2014",
      pages          = "053",
      doi            = "10.1007/JHEP12(2014)053",
      eprint         = "1410.4545",
      archivePrefix  = "arXiv",
      primaryClass   = "hep-ph",
      reportNumber   = "CERN-PH-TH-2014-198, MITP-14-078",
      SLACcitation   = "%%CITATION = ARXIV:1410.4545;%%"
}

@article{Altmannshofer:2014rta,
      author         = "Altmannshofer, Wolfgang and Straub, David M.",
      title          = "{New physics in $b\rightarrow s$ transitions after LHC
                        run 1}",
      journal        = "Eur. Phys. J.",
      volume         = "C75",
      year           = "2015",
      number         = "8",
      pages          = "382",
      doi            = "10.1140/epjc/s10052-015-3602-7",
      eprint         = "1411.3161",
      archivePrefix  = "arXiv",
      primaryClass   = "hep-ph",
      SLACcitation   = "%%CITATION = ARXIV:1411.3161;%%"
}

@inproceedings{Altmannshofer:2015sma,
      author         = "Altmannshofer, Wolfgang and Straub, David M.",
      title          = "{Implications of $b\to s$ measurements}",
      booktitle      = "{Proceedings, 50th Rencontres de Moriond Electroweak
                        Interactions and Unified Theories: La Thuile, Italy, March
                        14-21, 2015}",
      url            = "https://inspirehep.net/record/1353682/files/arXiv:1503.06199.pdf",
      year           = "2015",
      pages          = "333-338",
      eprint         = "1503.06199",
      archivePrefix  = "arXiv",
      primaryClass   = "hep-ph",
      SLACcitation   = "%%CITATION = ARXIV:1503.06199;%%"
}

@article{Descotes-Genon:2015uva,
      author         = "Descotes-Genon, Sébastien and Hofer, Lars and Matias,
                        Joaquim and Virto, Javier",
      title          = "{Global analysis of $b\to s\ell\ell$ anomalies}",
      journal        = "JHEP",
      volume         = "06",
      year           = "2016",
      pages          = "092",
      doi            = "10.1007/JHEP06(2016)092",
      eprint         = "1510.04239",
      archivePrefix  = "arXiv",
      primaryClass   = "hep-ph",
      reportNumber   = "LPT-ORSAY-15-68, QFET-2015-29, SI-HEP-2015-19",
      SLACcitation   = "%%CITATION = ARXIV:1510.04239;%%"
}

@article{Hurth:2016fbr,
      author         = "Hurth, T. and Mahmoudi, F. and Neshatpour, S.",
      title          = "{On the anomalies in the latest LHCb data}",
      journal        = "Nucl. Phys.",
      volume         = "B909",
      year           = "2016",
      pages          = "737-777",
      doi            = "10.1016/j.nuclphysb.2016.05.022",
      eprint         = "1603.00865",
      archivePrefix  = "arXiv",
      primaryClass   = "hep-ph",
      reportNumber   = "CERN-TH-2016-046, IPM-P.A-421, MITP-16-003",
      SLACcitation   = "%%CITATION = ARXIV:1603.00865;%%"
}

@article{Beaujean:2013soa,
      author         = "Beaujean, Frederik and Bobeth, Christoph and van Dyk,
                        Danny",
      title          = "{Comprehensive Bayesian analysis of rare (semi)leptonic
                        and radiative $B$ decays}",
      journal        = "Eur. Phys. J.",
      volume         = "C74",
      year           = "2014",
      pages          = "2897",
      doi            = "10.1140/epjc/s10052-014-2897-0,
                        10.1140/epjc/s10052-014-3179-6",
      note           = "[Erratum: Eur. Phys. J.C74,3179(2014)]",
      eprint         = "1310.2478",
      archivePrefix  = "arXiv",
      primaryClass   = "hep-ph",
      reportNumber   = "EOS-2013-01, SI-HEP-2013-10, QFET-2013-07,
                        FLAVOUR(267104)-ERC-56",
      SLACcitation   = "%%CITATION = ARXIV:1310.2478;%%"
}

@article{Descotes-Genon:2014uoa,
      author         = "Descotes-Genon, Sébastien and Hofer, Lars and Matias,
                        Joaquim and Virto, Javier",
      title          = "{On the impact of power corrections in the prediction of
                        $B \to K^*\mu^+\mu^-$ observables}",
      journal        = "JHEP",
      volume         = "12",
      year           = "2014",
      pages          = "125",
      doi            = "10.1007/JHEP12(2014)125",
      eprint         = "1407.8526",
      archivePrefix  = "arXiv",
      primaryClass   = "hep-ph",
      reportNumber   = "LPT-ORSAY-14-63, UAB-FT-757, QFET-2014-13,
                        SI-HEP-2014-19",
      SLACcitation   = "%%CITATION = ARXIV:1407.8526;%%"
}

@article{Jager:2014rwa,
      author         = "Jäger, Sebastian and Martin Camalich, Jorge",
      title          = "{Reassessing the discovery potential of the $B \to K^{*}
                        \ell^+\ell^-$ decays in the large-recoil region: SM
                        challenges and BSM opportunities}",
      journal        = "Phys. Rev.",
      volume         = "D93",
      year           = "2016",
      number         = "1",
      pages          = "014028",
      doi            = "10.1103/PhysRevD.93.014028",
      eprint         = "1412.3183",
      archivePrefix  = "arXiv",
      primaryClass   = "hep-ph",
      SLACcitation   = "%%CITATION = ARXIV:1412.3183;%%"
}

@article{Hurth:2013ssa,
      author         = "Hurth, Tobias and Mahmoudi, Farvah",
      title          = "{On the LHCb anomaly in B $\to K^*\ell^+\ell^-$}",
      journal        = "JHEP",
      volume         = "04",
      year           = "2014",
      pages          = "097",
      doi            = "10.1007/JHEP04(2014)097",
      eprint         = "1312.5267",
      archivePrefix  = "arXiv",
      primaryClass   = "hep-ph",
      reportNumber   = "CERN-PH-TH-2013-256, MITP-13-064",
      SLACcitation   = "%%CITATION = ARXIV:1312.5267;%%"
}

@article{Lyon:2014hpa,
      author         = "Lyon, James and Zwicky, Roman",
      title          = "{Resonances gone topsy turvy - the charm of QCD or new
                        physics in $b \to s \ell^+ \ell^-$?}",
      year           = "2014",
      eprint         = "1406.0566",
      archivePrefix  = "arXiv",
      primaryClass   = "hep-ph",
      reportNumber   = "EDINBURGH-14-10, CP3-ORIGINS-2014-021-DNRF90,
                        DIAS-2014-21",
      SLACcitation   = "%%CITATION = ARXIV:1406.0566;%%"
}

@article{Ciuchini:2015qxb,
      author         = "Ciuchini, Marco and Fedele, Marco and Franco, Enrico and
                        Mishima, Satoshi and Paul, Ayan and Silvestrini, Luca and
                        Valli, Mauro",
      title          = "{$B\to K^* \ell^+ \ell^-$ decays at large recoil in the
                        Standard Model: a theoretical reappraisal}",
      journal        = "JHEP",
      volume         = "06",
      year           = "2016",
      pages          = "116",
      doi            = "10.1007/JHEP06(2016)116",
      eprint         = "1512.07157",
      archivePrefix  = "arXiv",
      primaryClass   = "hep-ph",
      SLACcitation   = "%%CITATION = ARXIV:1512.07157;%%"
}

@article{Fajfer:2012jt,
      author         = "Fajfer, Svjetlana and Kamenik, Jernej F. and Nisandzic,
                        Ivan and Zupan, Jure",
      title          = "{Implications of Lepton Flavor Universality Violations in
                        B Decays}",
      journal        = "Phys. Rev. Lett.",
      volume         = "109",
      year           = "2012",
      pages          = "161801",
      doi            = "10.1103/PhysRevLett.109.161801",
      eprint         = "1206.1872",
      archivePrefix  = "arXiv",
      primaryClass   = "hep-ph",
      SLACcitation   = "%%CITATION = ARXIV:1206.1872;%%"
}

@article{Deshpande:2012rr,
      author         = "Deshpande, N. G. and Menon, A.",
      title          = "{Hints of R-parity violation in B decays into $\tau
                        \nu$}",
      journal        = "JHEP",
      volume         = "01",
      year           = "2013",
      pages          = "025",
      doi            = "10.1007/JHEP01(2013)025",
      eprint         = "1208.4134",
      archivePrefix  = "arXiv",
      primaryClass   = "hep-ph",
      SLACcitation   = "%%CITATION = ARXIV:1208.4134;%%"
}

@article{Tanaka:2012nw,
      author         = "Tanaka, Minoru and Watanabe, Ryoutaro",
      title          = "{New physics in the weak interaction of $\bar B\to
                        D^{(*)}\tau\bar\nu$}",
      journal        = "Phys. Rev.",
      volume         = "D87",
      year           = "2013",
      number         = "3",
      pages          = "034028",
      doi            = "10.1103/PhysRevD.87.034028",
      eprint         = "1212.1878",
      archivePrefix  = "arXiv",
      primaryClass   = "hep-ph",
      reportNumber   = "OU-HET-772-2012",
      SLACcitation   = "%%CITATION = ARXIV:1212.1878;%%"
}

@article{Sakaki:2013bfa,
      author         = "Sakaki, Yasuhito and Tanaka, Minoru and Tayduganov,
                        Andrey and Watanabe, Ryoutaro",
      title          = "{Testing leptoquark models in $\bar B \to D^{(*)} \tau
                        \bar\nu$}",
      journal        = "Phys. Rev.",
      volume         = "D88",
      year           = "2013",
      number         = "9",
      pages          = "094012",
      doi            = "10.1103/PhysRevD.88.094012",
      eprint         = "1309.0301",
      archivePrefix  = "arXiv",
      primaryClass   = "hep-ph",
      reportNumber   = "KEK-TH-1660, OU-HET-791",
      SLACcitation   = "%%CITATION = ARXIV:1309.0301;%%"
}


@article{Dorsner:2013tla,
      author         = "Doršner, Ilja and Fajfer, Svjetlana and Košnik, Nejc
                        and Nišandžić, Ivan",
      title          = "{Minimally flavored colored scalar in $\bar B \to D^{(*)}
                        \tau \bar \nu$ and the mass matrices constraints}",
      journal        = "JHEP",
      volume         = "11",
      year           = "2013",
      pages          = "084",
      doi            = "10.1007/JHEP11(2013)084",
      eprint         = "1306.6493",
      archivePrefix  = "arXiv",
      primaryClass   = "hep-ph",
      SLACcitation   = "%%CITATION = ARXIV:1306.6493;%%"
}

@article{Hati:2015awg,
      author         = "Hati, Chandan and Kumar, Girish and Mahajan, Namit",
      title          = "{$\bar{B}\rightarrow D^{(\ast)}\tau \bar{\nu}$ excesses
                        in ALRSM constrained from $B$, $D$ decays and
                        $D^{0}-\bar{D}^{0}$ mixing}",
      journal        = "JHEP",
      volume         = "01",
      year           = "2016",
      pages          = "117",
      doi            = "10.1007/JHEP01(2016)117",
      eprint         = "1511.03290",
      archivePrefix  = "arXiv",
      primaryClass   = "hep-ph",
      SLACcitation   = "%%CITATION = ARXIV:1511.03290;%%"
}

@article{Zhu:2016xdg,
      author         = "Zhu, Jie and Gan, Hua-Min and Wang, Ru-Min and Fan,
                        Ying-Ying and Chang, Qin and Xu, Yuan-Guo",
      title          = "{Probing the R-parity violating supersymmetric effects in
                        the exclusive $b\to c\ell^-\bar{\nu}_\ell$ decays}",
      journal        = "Phys. Rev.",
      volume         = "D93",
      year           = "2016",
      number         = "9",
      pages          = "094023",
      doi            = "10.1103/PhysRevD.93.094023",
      eprint         = "1602.06491",
      archivePrefix  = "arXiv",
      primaryClass   = "hep-ph",
      SLACcitation   = "%%CITATION = ARXIV:1602.06491;%%"
}


@article{Li:2016vvp,
      author         = "Li, Xin-Qiang and Yang, Ya-Dong and Zhang, Xin",
      title          = "{Revisiting the one leptoquark solution to the
                        $R(D^*)$ anomalies and its phenomenological
                        implications}",
      journal        = "JHEP",
      volume         = "08",
      year           = "2016",
      pages          = "054",
      doi            = "10.1007/JHEP08(2016)054",
      eprint         = "1605.09308",
      archivePrefix  = "arXiv",
      primaryClass   = "hep-ph",
      SLACcitation   = "%%CITATION = ARXIV:1605.09308;%%"
}

@article{He:2012zp,
      author         = "He, Xiao-Gang and Valencia, German",
      title          = "{$B$ decays with $\tau$ leptons in nonuniversal
                        left-right models}",
      journal        = "Phys. Rev.",
      volume         = "D87",
      year           = "2013",
      number         = "1",
      pages          = "014014",
      doi            = "10.1103/PhysRevD.87.014014",
      eprint         = "1211.0348",
      archivePrefix  = "arXiv",
      primaryClass   = "hep-ph",
      SLACcitation   = "%%CITATION = ARXIV:1211.0348;%%"
}

@article{Crivellin:2012ye,
      author         = "Crivellin, Andreas and Greub, Christoph and Kokulu,
                        Ahmet",
      title          = "{Explaining $B\to D\tau\nu$, $B\to D^*\tau\nu$ and $B\to
                        \tau\nu$ in a 2HDM of type III}",
      journal        = "Phys. Rev.",
      volume         = "D86",
      year           = "2012",
      pages          = "054014",
      doi            = "10.1103/PhysRevD.86.054014",
      eprint         = "1206.2634",
      archivePrefix  = "arXiv",
      primaryClass   = "hep-ph",
      SLACcitation   = "%%CITATION = ARXIV:1206.2634;%%"
}

@article{Celis:2012dk,
      author         = "Celis, Alejandro and Jung, Martin and Li, Xin-Qiang and
                        Pich, Antonio",
      title          = "{Sensitivity to charged scalars in $\boldsymbol{B\to
                        D^{(*)}\tau\nu_\tau}$ and $\boldsymbol{B\to\tau\nu_\tau}$
                        decays}",
      journal        = "JHEP",
      volume         = "01",
      year           = "2013",
      pages          = "054",
      doi            = "10.1007/JHEP01(2013)054",
      eprint         = "1210.8443",
      archivePrefix  = "arXiv",
      primaryClass   = "hep-ph",
      reportNumber   = "FTUV-12-1031, IFIC-12-59, DO-TH-12-32",
      SLACcitation   = "%%CITATION = ARXIV:1210.8443;%%"
}

@article{Bailey:2012jg,
      author         = "Bailey, Jon A. and others",
      title          = "{Refining new-physics searches in $B -> D \tau \nu$ decay
                        with lattice QCD}",
      journal        = "Phys. Rev. Lett.",
      volume         = "109",
      year           = "2012",
      pages          = "071802",
      doi            = "10.1103/PhysRevLett.109.071802",
      eprint         = "1206.4992",
      archivePrefix  = "arXiv",
      primaryClass   = "hep-ph",
      reportNumber   = "FERMILAB-PUB-12-333-T",
      SLACcitation   = "%%CITATION = ARXIV:1206.4992;%%"
}

@article{Ko:2012sv,
      author         = "Ko, P. and Omura, Yuji and Yu, Chaehyun",
      title          = "{$B \to D^(*) \tau \nu$ and $B \to \tau \nu$ in chiral U(1)' models
                        with flavored multi Higgs doublets}",
      journal        = "JHEP",
      volume         = "03",
      year           = "2013",
      pages          = "151",
      doi            = "10.1007/JHEP03(2013)151",
      eprint         = "1212.4607",
      archivePrefix  = "arXiv",
      primaryClass   = "hep-ph",
      reportNumber   = "TUM-HEP-871-12, FLAVOUR(267104)-ERC-33,
                        KIAS-PREPRINT-P12084, --SLAC-PUB-15323",
      SLACcitation   = "%%CITATION = ARXIV:1212.4607;%%"
}

@article{Crivellin:2015hha,
      author         = "Crivellin, Andreas and Heeck, Julian and Stoffer, Peter",
      title          = "{A perturbed lepton-specific two-Higgs-doublet model
                        facing experimental hints for physics beyond the Standard
                        Model}",
      journal        = "Phys. Rev. Lett.",
      volume         = "116",
      year           = "2016",
      number         = "8",
      pages          = "081801",
      doi            = "10.1103/PhysRevLett.116.081801",
      eprint         = "1507.07567",
      archivePrefix  = "arXiv",
      primaryClass   = "hep-ph",
      reportNumber   = "CERN-PH-TH-2015-168, ULB-15-13",
      SLACcitation   = "%%CITATION = ARXIV:1507.07567;%%"
}

@article{Cline:2015lqp,
      author         = "Cline, James M.",
      title          = "{Scalar doublet models confront $\tau$ and b anomalies}",
      journal        = "Phys. Rev.",
      volume         = "D93",
      year           = "2016",
      number         = "7",
      pages          = "075017",
      doi            = "10.1103/PhysRevD.93.075017",
      eprint         = "1512.02210",
      archivePrefix  = "arXiv",
      primaryClass   = "hep-ph",
      SLACcitation   = "%%CITATION = ARXIV:1512.02210;%%"
}

@article{Freytsis:2015qca,
      author         = "Freytsis, Marat and Ligeti, Zoltan and Ruderman, Joshua
                        T.",
      title          = "{Flavor models for $\bar{B} \to D^{(*)} \tau \bar{\nu}$}",
      journal        = "Phys. Rev.",
      volume         = "D92",
      year           = "2015",
      number         = "5",
      pages          = "054018",
      doi            = "10.1103/PhysRevD.92.054018",
      eprint         = "1506.08896",
      archivePrefix  = "arXiv",
      primaryClass   = "hep-ph",
      SLACcitation   = "%%CITATION = ARXIV:1506.08896;%%"
}

@article{Nandi:2016wlp,
      author         = "Nandi, Soumitra and Patra, Sunando K. and Soni, Amarjit",
      title          = "{Correlating new physics signals in $B \to D^{(*)} \tau
                        \nu_{\tau}$ with $B \to \tau \nu_{\tau}$}",
      year           = "2016",
      eprint         = "1605.07191",
      archivePrefix  = "arXiv",
      primaryClass   = "hep-ph",
      SLACcitation   = "%%CITATION = ARXIV:1605.07191;%%"
}

@article{Abada:2013aba,
      author         = "Abada, A. and Teixeira, A. M. and Vicente, A. and
                        Weiland, C.",
      title          = "{Sterile neutrinos in leptonic and semileptonic decays}",
      journal        = "JHEP",
      volume         = "02",
      year           = "2014",
      pages          = "091",
      doi            = "10.1007/JHEP02(2014)091",
      eprint         = "1311.2830",
      archivePrefix  = "arXiv",
      primaryClass   = "hep-ph",
      reportNumber   = "LPT-ORSAY-13-54, PCCF-RI-13-05, IFT-UAM-CSIC-13-118,
                        FTUAM-13-31",
      SLACcitation   = "%%CITATION = ARXIV:1311.2830;%%"
}

@article{Cvetic:2016fbv,
      author         = "Cvetic, Gorazd and Kim, C. S.",
      title          = "{Rare decays of B mesons via on-shell sterile neutrinos}",
      journal        = "Phys. Rev.",
      volume         = "D94",
      year           = "2016",
      number         = "5",
      pages          = "053001",
      doi            = "10.1103/PhysRevD.95.039901, 10.1103/PhysRevD.94.053001",
      note           = "[Erratum: Phys. Rev.D95,no.3,039901(2017)]",
      eprint         = "1606.04140",
      archivePrefix  = "arXiv",
      primaryClass   = "hep-ph",
      reportNumber   = "USM-TH-344",
      SLACcitation   = "%%CITATION = ARXIV:1606.04140;%%"
}

@article{Buras:2013dea,
      author         = "Buras, Andrzej J. and De Fazio, Fulvia and Girrbach,
                        Jennifer",
      title          = "{331 models facing new $b \to s\mu^+ \mu^-$ data}",
      journal        = "JHEP",
      volume         = "02",
      year           = "2014",
      pages          = "112",
      doi            = "10.1007/JHEP02(2014)112",
      eprint         = "1311.6729",
      archivePrefix  = "arXiv",
      primaryClass   = "hep-ph",
      reportNumber   = "FLAVOUR(267104)-ERC-55, BARI-TH-13-681",
      SLACcitation   = "%%CITATION = ARXIV:1311.6729;%%"
}

@article{Buras:2013qja,
      author         = "Buras, Andrzej J. and Girrbach, Jennifer",
      title          = "{Left-handed $Z'$ and $Z$ FCNC quark couplings facing new
                        $b \to s \mu^+ \mu^-$ data}",
      journal        = "JHEP",
      volume         = "12",
      year           = "2013",
      pages          = "009",
      doi            = "10.1007/JHEP12(2013)009",
      eprint         = "1309.2466",
      archivePrefix  = "arXiv",
      primaryClass   = "hep-ph",
      reportNumber   = "FLAVOUR(267104)-ERC-50",
      SLACcitation   = "%%CITATION = ARXIV:1309.2466;%%"
}

@article{Altmannshofer:2014cfa,
      author         = "Altmannshofer, Wolfgang and Gori, Stefania and Pospelov,
                        Maxim and Yavin, Itay",
      title          = "{Quark flavor transitions in $L_\mu-L_\tau$ models}",
      journal        = "Phys. Rev.",
      volume         = "D89",
      year           = "2014",
      pages          = "095033",
      doi            = "10.1103/PhysRevD.89.095033",
      eprint         = "1403.1269",
      archivePrefix  = "arXiv",
      primaryClass   = "hep-ph",
      SLACcitation   = "%%CITATION = ARXIV:1403.1269;%%"
}

@article{Crivellin:2015lwa,
      author         = "Crivellin, Andreas and D'Ambrosio, Giancarlo and Heeck,
                        Julian",
      title          = "{Addressing the LHC flavor anomalies with horizontal
                        gauge symmetries}",
      journal        = "Phys. Rev.",
      volume         = "D91",
      year           = "2015",
      number         = "7",
      pages          = "075006",
      doi            = "10.1103/PhysRevD.91.075006",
      eprint         = "1503.03477",
      archivePrefix  = "arXiv",
      primaryClass   = "hep-ph",
      reportNumber   = "CERN-PH-TH-2015-046, ULB-TH-15-03",
      SLACcitation   = "%%CITATION = ARXIV:1503.03477;%%"
}

@article{Crivellin:2015mga,
      author         = "Crivellin, Andreas and D'Ambrosio, Giancarlo and Heeck,
                        Julian",
      title          = "{Explaining $h\to\mu^\pm\tau^\mp$, $B\to K^* \mu^+\mu^-$
                        and $B\to K \mu^+\mu^-/B\to K e^+e^-$ in a
                        two-Higgs-doublet model with gauged $L_\mu-L_\tau$}",
      journal        = "Phys. Rev. Lett.",
      volume         = "114",
      year           = "2015",
      pages          = "151801",
      doi            = "10.1103/PhysRevLett.114.151801",
      eprint         = "1501.00993",
      archivePrefix  = "arXiv",
      primaryClass   = "hep-ph",
      reportNumber   = "CERN-PH-TH-2015-001, ULB-TH-14-26",
      SLACcitation   = "%%CITATION = ARXIV:1501.00993;%%"
}

@article{Sierra:2015fma,
      author         = "Aristizabal Sierra, D. and Staub, Florian and Vicente,
                        Avelino",
      title          = "{Shedding light on the $b\to s$ anomalies with a dark
                        sector}",
      journal        = "Phys. Rev.",
      volume         = "D92",
      year           = "2015",
      number         = "1",
      pages          = "015001",
      doi            = "10.1103/PhysRevD.92.015001",
      eprint         = "1503.06077",
      archivePrefix  = "arXiv",
      primaryClass   = "hep-ph",
      reportNumber   = "CERN-PH-TH-2015-058",
      SLACcitation   = "%%CITATION = ARXIV:1503.06077;%%"
}

@article{Celis:2015ara,
      author         = "Celis, Alejandro and Fuentes-Martin, Javier and Jung,
                        Martín and Serodio, Hugo",
      title          = "{Family nonuniversal Z' models with protected
                        flavor-changing interactions}",
      journal        = "Phys. Rev.",
      volume         = "D92",
      year           = "2015",
      number         = "1",
      pages          = "015007",
      doi            = "10.1103/PhysRevD.92.015007",
      eprint         = "1505.03079",
      archivePrefix  = "arXiv",
      primaryClass   = "hep-ph",
      reportNumber   = "LMU-ASC-22-15, IFIC-15-23, FLAVOUR(267104)-ERC-95",
      SLACcitation   = "%%CITATION = ARXIV:1505.03079;%%"
}

@article{Belanger:2015nma,
      author         = "Bélanger, Geneviève and Delaunay, Cédric and Westhoff,
                        Susanne",
      title          = "{A Dark Matter Relic From Muon Anomalies}",
      journal        = "Phys. Rev.",
      volume         = "D92",
      year           = "2015",
      pages          = "055021",
      doi            = "10.1103/PhysRevD.92.055021",
      eprint         = "1507.06660",
      archivePrefix  = "arXiv",
      primaryClass   = "hep-ph",
      reportNumber   = "LAPTH-039-15, PITT-PACC-1511",
      SLACcitation   = "%%CITATION = ARXIV:1507.06660;%%"
}

@article{Celis:2015eqs,
      author         = "Celis, Alejandro and Feng, Wan-Zhe and Lüst, Dieter",
      title          = "{Stringy explanation of $b \to s\ell^+$ $\ell^-$
                        anomalies}",
      journal        = "JHEP",
      volume         = "02",
      year           = "2016",
      pages          = "007",
      doi            = "10.1007/JHEP02(2016)007",
      eprint         = "1512.02218",
      archivePrefix  = "arXiv",
      primaryClass   = "hep-ph",
      reportNumber   = "LMU-ASC-72-15, MPP-2015-275",
      SLACcitation   = "%%CITATION = ARXIV:1512.02218;%%"
}

@article{Falkowski:2015zwa,
      author         = "Falkowski, Adam and Nardecchia, Marco and Ziegler,
                        Robert",
      title          = "{Lepton Flavor Non-Universality in B-meson Decays from a
                        U(2) Flavor Model}",
      journal        = "JHEP",
      volume         = "11",
      year           = "2015",
      pages          = "173",
      doi            = "10.1007/JHEP11(2015)173",
      eprint         = "1509.01249",
      archivePrefix  = "arXiv",
      primaryClass   = "hep-ph",
      SLACcitation   = "%%CITATION = ARXIV:1509.01249;%%"
}

@article{Allanach:2015gkd,
      author         = "Allanach, Ben and Queiroz, Farinaldo S. and Strumia,
                        Alessandro and Sun, Sichun",
      title          = "{$Z'$ models for the LHCb and $g-2$ muon anomalies}",
      journal        = "Phys. Rev.",
      volume         = "D93",
      year           = "2016",
      number         = "5",
      pages          = "055045",
      doi            = "10.1103/PhysRevD.93.055045, 10.1103/PhysRevD.95.119902",
      note           = "[Erratum: Phys. Rev.D95,no.11,119902(2017)]",
      eprint         = "1511.07447",
      archivePrefix  = "arXiv",
      primaryClass   = "hep-ph",
      reportNumber   = "CETUP2015-028",
      SLACcitation   = "%%CITATION = ARXIV:1511.07447;%%"
}

@article{Chiang:2016qov,
      author         = "Chiang, Cheng-Wei and He, Xiao-Gang and Valencia, German",
      title          = "{Z' model for $b\to s\ell$ $\overline{\ell}$ flavor
                        anomalies}",
      journal        = "Phys. Rev.",
      volume         = "D93",
      year           = "2016",
      number         = "7",
      pages          = "074003",
      doi            = "10.1103/PhysRevD.93.074003",
      eprint         = "1601.07328",
      archivePrefix  = "arXiv",
      primaryClass   = "hep-ph",
      reportNumber   = "COEPP-MN-16-1",
      SLACcitation   = "%%CITATION = ARXIV:1601.07328;%%"
}

@article{Kim:2016bdu,
      author         = "Kim, C. S. and Yuan, Xing-Bo and Zheng, Ya-Juan",
      title          = "{Constraints on a Z' boson within minimal flavor
                        violation}",
      journal        = "Phys. Rev.",
      volume         = "D93",
      year           = "2016",
      number         = "9",
      pages          = "095009",
      doi            = "10.1103/PhysRevD.93.095009",
      eprint         = "1602.08107",
      archivePrefix  = "arXiv",
      primaryClass   = "hep-ph",
      SLACcitation   = "%%CITATION = ARXIV:1602.08107;%%"
}

@article{Hiller:2014yaa,
      author         = "Hiller, Gudrun and Schmaltz, Martin",
      title          = "{$R_K$ and future $b \to s \ell \ell$ physics beyond the
                        standard model opportunities}",
      journal        = "Phys. Rev.",
      volume         = "D90",
      year           = "2014",
      pages          = "054014",
      doi            = "10.1103/PhysRevD.90.054014",
      eprint         = "1408.1627",
      archivePrefix  = "arXiv",
      primaryClass   = "hep-ph",
      reportNumber   = "DO-TH-14-17",
      SLACcitation   = "%%CITATION = ARXIV:1408.1627;%%"
}

@article{Biswas:2014gga,
      author         = "Biswas, Sanjoy and Chowdhury, Debtosh and Han, Sangeun
                        and Lee, Seung J.",
      title          = "{Explaining the lepton non-universality at the LHCb and
                        CMS within a unified framework}",
      journal        = "JHEP",
      volume         = "02",
      year           = "2015",
      pages          = "142",
      doi            = "10.1007/JHEP02(2015)142",
      eprint         = "1409.0882",
      archivePrefix  = "arXiv",
      primaryClass   = "hep-ph",
      SLACcitation   = "%%CITATION = ARXIV:1409.0882;%%"
}

@article{Gripaios:2014tna,
      author         = "Gripaios, Ben and Nardecchia, Marco and Renner, S. A.",
      title          = "{Composite leptoquarks and anomalies in $B$-meson
                        decays}",
      journal        = "JHEP",
      volume         = "05",
      year           = "2015",
      pages          = "006",
      doi            = "10.1007/JHEP05(2015)006",
      eprint         = "1412.1791",
      archivePrefix  = "arXiv",
      primaryClass   = "hep-ph",
      SLACcitation   = "%%CITATION = ARXIV:1412.1791;%%"
}

@article{Varzielas:2015iva,
      author         = "de Medeiros Varzielas, Ivo and Hiller, Gudrun",
      title          = "{Clues for flavor from rare lepton and quark decays}",
      journal        = "JHEP",
      volume         = "06",
      year           = "2015",
      pages          = "072",
      doi            = "10.1007/JHEP06(2015)072",
      eprint         = "1503.01084",
      archivePrefix  = "arXiv",
      primaryClass   = "hep-ph",
      reportNumber   = "DO-TH-15-02, QFET-2015-04",
      SLACcitation   = "%%CITATION = ARXIV:1503.01084;%%"
}

@article{Becirevic:2015asa,
      author         = "Bečirević, Damir and Fajfer, Svjetlana and Košnik,
                        Nejc",
      title          = "{Lepton flavor nonuniversality in $b\to s\ell^+$ $\ell^-$
                        processes}",
      journal        = "Phys. Rev.",
      volume         = "D92",
      year           = "2015",
      number         = "1",
      pages          = "014016",
      doi            = "10.1103/PhysRevD.92.014016",
      eprint         = "1503.09024",
      archivePrefix  = "arXiv",
      primaryClass   = "hep-ph",
      reportNumber   = "LPT-ORSAY-15-25",
      SLACcitation   = "%%CITATION = ARXIV:1503.09024;%%"
}

@article{Sahoo:2015wya,
      author         = "Sahoo, Suchismita and Mohanta, Rukmani",
      title          = "{Scalar leptoquarks and the rare $B$ meson decays}",
      journal        = "Phys. Rev.",
      volume         = "D91",
      year           = "2015",
      number         = "9",
      pages          = "094019",
      doi            = "10.1103/PhysRevD.91.094019",
      eprint         = "1501.05193",
      archivePrefix  = "arXiv",
      primaryClass   = "hep-ph",
      SLACcitation   = "%%CITATION = ARXIV:1501.05193;%%"
}

@article{Sahoo:2015qha,
      author         = "Sahoo, Suchismita and Mohanta, Rukmani",
      title          = "{Study of the rare semileptonic decays $B_d^0 \to K^* l^+
                        l^-$ in scalar leptoquark model}",
      journal        = "Phys. Rev.",
      volume         = "D93",
      year           = "2016",
      number         = "3",
      pages          = "034018",
      doi            = "10.1103/PhysRevD.93.034018",
      eprint         = "1507.02070",
      archivePrefix  = "arXiv",
      primaryClass   = "hep-ph",
      SLACcitation   = "%%CITATION = ARXIV:1507.02070;%%"
}

@article{Sahoo:2015fla,
      author         = "Sahoo, Suchismita and Mohanta, Rukmani",
      title          = "{Leptoquark effects on $b\;\to \;s{\boldsymbol{\nu
                        }}\bar{{\boldsymbol{\nu }}}$ and $B\;\to
                        \;{{Kl}}^{+}{l}^{-}$ decay processes}",
      journal        = "New J. Phys.",
      volume         = "18",
      year           = "2016",
      number         = "1",
      pages          = "013032",
      doi            = "10.1088/1367-2630/18/1/013032",
      eprint         = "1509.06248",
      archivePrefix  = "arXiv",
      primaryClass   = "hep-ph",
      SLACcitation   = "%%CITATION = ARXIV:1509.06248;%%"
}

@article{Pas:2015hca,
      author         = "Päs, Heinrich and Schumacher, Erik",
      title          = "{Common origin of $R_K$ and neutrino masses}",
      journal        = "Phys. Rev.",
      volume         = "D92",
      year           = "2015",
      number         = "11",
      pages          = "114025",
      doi            = "10.1103/PhysRevD.92.114025",
      eprint         = "1510.08757",
      archivePrefix  = "arXiv",
      primaryClass   = "hep-ph",
      SLACcitation   = "%%CITATION = ARXIV:1510.08757;%%"
}

@article{Huang:2015vpt,
      author         = "Huang, Weicong and Tang, Yi-Lei",
      title          = "{Flavor anomalies at the LHC and the R-parity violating
                        supersymmetric model extended with vectorlike particles}",
      journal        = "Phys. Rev.",
      volume         = "D92",
      year           = "2015",
      number         = "9",
      pages          = "094015",
      doi            = "10.1103/PhysRevD.92.094015",
      eprint         = "1509.08599",
      archivePrefix  = "arXiv",
      primaryClass   = "hep-ph",
      SLACcitation   = "%%CITATION = ARXIV:1509.08599;%%"
}

@article{Chen:2016dip,
      author         = "Chen, Chuan-Hung and Nomura, Takaaki and Okada, Hiroshi",
      title          = "{Explanation of $B \to K^{(*)} \ell^+ \ell^-$ and muon
                        $g-2$, and implications at the LHC}",
      journal        = "Phys. Rev.",
      volume         = "D94",
      year           = "2016",
      number         = "11",
      pages          = "115005",
      doi            = "10.1103/PhysRevD.94.115005",
      eprint         = "1607.04857",
      archivePrefix  = "arXiv",
      primaryClass   = "hep-ph",
      reportNumber   = "KIAS-P16051",
      SLACcitation   = "%%CITATION = ARXIV:1607.04857;%%"
}

@article{Niehoff:2015bfa,
      author         = "Niehoff, Christoph and Stangl, Peter and Straub, David
                        M.",
      title          = "{Violation of lepton flavour universality in composite
                        Higgs models}",
      journal        = "Phys. Lett.",
      volume         = "B747",
      year           = "2015",
      pages          = "182-186",
      doi            = "10.1016/j.physletb.2015.05.063",
      eprint         = "1503.03865",
      archivePrefix  = "arXiv",
      primaryClass   = "hep-ph",
      SLACcitation   = "%%CITATION = ARXIV:1503.03865;%%"
}

@article{Niehoff:2015iaa,
      author         = "Niehoff, Christoph and Stangl, Peter and Straub, David
                        M.",
      title          = "{Direct and indirect signals of natural composite Higgs
                        models}",
      journal        = "JHEP",
      volume         = "01",
      year           = "2016",
      pages          = "119",
      doi            = "10.1007/JHEP01(2016)119",
      eprint         = "1508.00569",
      archivePrefix  = "arXiv",
      primaryClass   = "hep-ph",
      SLACcitation   = "%%CITATION = ARXIV:1508.00569;%%"
}

@article{Carmona:2015ena,
      author         = "Carmona, Adrian and Goertz, Florian",
      title          = "{Lepton Flavor and Nonuniversality from Minimal Composite
                        Higgs Setups}",
      journal        = "Phys. Rev. Lett.",
      volume         = "116",
      year           = "2016",
      number         = "25",
      pages          = "251801",
      doi            = "10.1103/PhysRevLett.116.251801",
      eprint         = "1510.07658",
      archivePrefix  = "arXiv",
      primaryClass   = "hep-ph",
      reportNumber   = "CERN-PH-TH-2015-251",
      SLACcitation   = "%%CITATION = ARXIV:1510.07658;%%"
}

@article{Gripaios:2015gra,
      author         = "Gripaios, Ben and Nardecchia, M. and Renner, S. A.",
      title          = "{Linear flavour violation and anomalies in B physics}",
      journal        = "JHEP",
      volume         = "06",
      year           = "2016",
      pages          = "083",
      doi            = "10.1007/JHEP06(2016)083",
      eprint         = "1509.05020",
      archivePrefix  = "arXiv",
      primaryClass   = "hep-ph",
      SLACcitation   = "%%CITATION = ARXIV:1509.05020;%%"
}

@article{Mahmoudi:2014mja,
      author         = "Mahmoudi, F. and Neshatpour, S. and Virto, J.",
      title          = "{$B \to K^{*} \mu^{+} \mu^{-}$ optimised observables in
                        the MSSM}",
      journal        = "Eur. Phys. J.",
      volume         = "C74",
      year           = "2014",
      number         = "6",
      pages          = "2927",
      doi            = "10.1140/epjc/s10052-014-2927-y",
      eprint         = "1401.2145",
      archivePrefix  = "arXiv",
      primaryClass   = "hep-ph",
      reportNumber   = "CERN-PH-TH-2014-004, QFET-2014-01, SI-HEP-2014-03",
      SLACcitation   = "%%CITATION = ARXIV:1401.2145;%%"
}

@article{Alonso:2015sja,
      author         = "Alonso, Rodrigo and Grinstein, Benjamín and Martin
                        Camalich, Jorge",
      title          = "{Lepton universality violation and lepton flavor
                        conservation in $B$-meson decays}",
      journal        = "JHEP",
      volume         = "10",
      year           = "2015",
      pages          = "184",
      doi            = "10.1007/JHEP10(2015)184",
      eprint         = "1505.05164",
      archivePrefix  = "arXiv",
      primaryClass   = "hep-ph",
      SLACcitation   = "%%CITATION = ARXIV:1505.05164;%%"
}

@article{Bauer:2015knc,
      author         = "Bauer, Martin and Neubert, Matthias",
      title          = "{Minimal Leptoquark Explanation for the R$_{D^{(*)}}$ ,
                        R$_K$ , and $(g-2)_g$ Anomalies}",
      journal        = "Phys. Rev. Lett.",
      volume         = "116",
      year           = "2016",
      number         = "14",
      pages          = "141802",
      doi            = "10.1103/PhysRevLett.116.141802",
      eprint         = "1511.01900",
      archivePrefix  = "arXiv",
      primaryClass   = "hep-ph",
      reportNumber   = "MITP-15-100",
      SLACcitation   = "%%CITATION = ARXIV:1511.01900;%%"
}

@article{Fajfer:2015ycq,
      author         = "Fajfer, Svjetlana and Košnik, Nejc",
      title          = "{Vector leptoquark resolution of $R_K$ and $R_{D^{(*)}}$
                        puzzles}",
      journal        = "Phys. Lett.",
      volume         = "B755",
      year           = "2016",
      pages          = "270-274",
      doi            = "10.1016/j.physletb.2016.02.018",
      eprint         = "1511.06024",
      archivePrefix  = "arXiv",
      primaryClass   = "hep-ph",
      SLACcitation   = "%%CITATION = ARXIV:1511.06024;%%"
}

@article{Barbieri:2015yvd,
      author         = "Barbieri, Riccardo and Isidori, Gino and Pattori, Andrea
                        and Senia, Fabrizio",
      title          = "{Anomalies in $B$-decays and $U(2)$ flavour symmetry}",
      journal        = "Eur. Phys. J.",
      volume         = "C76",
      year           = "2016",
      number         = "2",
      pages          = "67",
      doi            = "10.1140/epjc/s10052-016-3905-3",
      eprint         = "1512.01560",
      archivePrefix  = "arXiv",
      primaryClass   = "hep-ph",
      reportNumber   = "ZU-TH-44-15",
      SLACcitation   = "%%CITATION = ARXIV:1512.01560;%%"
}

@article{Hati:2016thk,
      author         = "Hati, Chandan",
      title          = "{Explaining the diphoton excess in Alternative Left-Right
                        Symmetric Model}",
      journal        = "Phys. Rev.",
      volume         = "D93",
      year           = "2016",
      number         = "7",
      pages          = "075002",
      doi            = "10.1103/PhysRevD.93.075002",
      eprint         = "1601.02457",
      archivePrefix  = "arXiv",
      primaryClass   = "hep-ph",
      SLACcitation   = "%%CITATION = ARXIV:1601.02457;%%"
}

@article{Deppisch:2016qqd,
      author         = "Deppisch, F. F. and Kulkarni, S. and Päs, H. and
                        Schumacher, E.",
      title          = "{Leptoquark patterns unifying neutrino masses, flavor
                        anomalies, and the diphoton excess}",
      journal        = "Phys. Rev.",
      volume         = "D94",
      year           = "2016",
      number         = "1",
      pages          = "013003",
      doi            = "10.1103/PhysRevD.94.013003",
      eprint         = "1603.07672",
      archivePrefix  = "arXiv",
      primaryClass   = "hep-ph",
      reportNumber   = "HEPHY-PUB-965-16, DO-TH-16-09",
      SLACcitation   = "%%CITATION = ARXIV:1603.07672;%%"
}

@article{Das:2016vkr,
      author         = "Das, Diganta and Hati, Chandan and Kumar, Girish and
                        Mahajan, Namit",
      title          = "{Towards a unified explanation of $R_{D^{(\ast)}}$,
                        $R_{K}$ and $(g-2)_{\mu}$ anomalies in a left-right model
                        with leptoquarks}",
      journal        = "Phys. Rev.",
      volume         = "D94",
      year           = "2016",
      pages          = "055034",
      doi            = "10.1103/PhysRevD.94.055034",
      eprint         = "1605.06313",
      archivePrefix  = "arXiv",
      primaryClass   = "hep-ph",
      SLACcitation   = "%%CITATION = ARXIV:1605.06313;%%"
}

@article{Buttazzo:2016kid,
      author         = "Buttazzo, Dario and Greljo, Admir and Isidori, Gino and
                        Marzocca, David",
      title          = "{Toward a coherent solution of diphoton and flavor
                        anomalies}",
      journal        = "JHEP",
      volume         = "08",
      year           = "2016",
      pages          = "035",
      doi            = "10.1007/JHEP08(2016)035",
      eprint         = "1604.03940",
      archivePrefix  = "arXiv",
      primaryClass   = "hep-ph",
      reportNumber   = "ZU-TH-13-16",
      SLACcitation   = "%%CITATION = ARXIV:1604.03940;%%"
}

@article{Bhattacharya:2014wla,
      author         = "Bhattacharya, Bhubanjyoti and Datta, Alakabha and London,
                        David and Shivashankara, Shanmuka",
      title          = "{Simultaneous Explanation of the $R_K$ and $R(D^{(*)})$
                        Puzzles}",
      journal        = "Phys. Lett.",
      volume         = "B742",
      year           = "2015",
      pages          = "370-374",
      doi            = "10.1016/j.physletb.2015.02.011",
      eprint         = "1412.7164",
      archivePrefix  = "arXiv",
      primaryClass   = "hep-ph",
      reportNumber   = "UDEM-GPP-TH-14-239, UMISS-HEP-2014-03",
      SLACcitation   = "%%CITATION = ARXIV:1412.7164;%%"
}

@article{Boucenna:2016wpr,
      author         = "Boucenna, Sofiane M. and Celis, Alejandro and
                        Fuentes-Martin, Javier and Vicente, Avelino and Virto,
                        Javier",
      title          = "{Non-abelian gauge extensions for B-decay anomalies}",
      journal        = "Phys. Lett.",
      volume         = "B760",
      year           = "2016",
      pages          = "214-219",
      doi            = "10.1016/j.physletb.2016.06.067",
      eprint         = "1604.03088",
      archivePrefix  = "arXiv",
      primaryClass   = "hep-ph",
      reportNumber   = "SI-HEP-2016-10, QFET-2016-05, LMU-ASC-16-16, IFIC-16-19",
      SLACcitation   = "%%CITATION = ARXIV:1604.03088;%%"
}

@article{Greljo:2015mma,
      author         = "Greljo, Admir and Isidori, Gino and Marzocca, David",
      title          = "{On the breaking of Lepton Flavor Universality in B
                        decays}",
      journal        = "JHEP",
      volume         = "07",
      year           = "2015",
      pages          = "142",
      doi            = "10.1007/JHEP07(2015)142",
      eprint         = "1506.01705",
      archivePrefix  = "arXiv",
      primaryClass   = "hep-ph",
      reportNumber   = "ZU-TH-16-15",
      SLACcitation   = "%%CITATION = ARXIV:1506.01705;%%"
}

@article{Calibbi:2015kma,
      author         = "Calibbi, Lorenzo and Crivellin, Andreas and Ota,
                        Toshihiko",
      title          = "{Effective Field Theory Approach to $b\to s \ell\ell(')$,
                        $B\to K(*)\nu\overline{\nu}$ and $B\to D(*)\tau\nu$ with Third
                        Generation Couplings}",
      journal        = "Phys. Rev. Lett.",
      volume         = "115",
      year           = "2015",
      pages          = "181801",
      doi            = "10.1103/PhysRevLett.115.181801",
      eprint         = "1506.02661",
      archivePrefix  = "arXiv",
      primaryClass   = "hep-ph",
      reportNumber   = "CERN-PH-TH-2015-134, STUPP-15-222",
      SLACcitation   = "%%CITATION = ARXIV:1506.02661;%%"
}

@article{Feruglio:2016gvd,
      author         = "Feruglio, Ferruccio and Paradisi, Paride and Pattori,
                        Andrea",
      title          = "{Revisiting Lepton Flavor Universality in B Decays}",
      journal        = "Phys. Rev. Lett.",
      volume         = "118",
      year           = "2017",
      number         = "1",
      pages          = "011801",
      doi            = "10.1103/PhysRevLett.118.011801",
      eprint         = "1606.00524",
      archivePrefix  = "arXiv",
      primaryClass   = "hep-ph",
      SLACcitation   = "%%CITATION = ARXIV:1606.00524;%%"
}

@article{Staub:2013tta,
      author         = "Staub, Florian",
      title          = "{SARAH 4 : A tool for (not only SUSY) model builders}",
      journal        = "Comput. Phys. Commun.",
      volume         = "185",
      year           = "2014",
      pages          = "1773-1790",
      doi            = "10.1016/j.cpc.2014.02.018",
      eprint         = "1309.7223",
      archivePrefix  = "arXiv",
      primaryClass   = "hep-ph",
      reportNumber   = "BONN-TH-2013-17",
      SLACcitation   = "%%CITATION = ARXIV:1309.7223;%%"
}

@article{Alloul:2013bka,
      author         = "Alloul, Adam and Christensen, Neil D. and Degrande,
                        Céline and Duhr, Claude and Fuks, Benjamin",
      title          = "{FeynRules  2.0 - A complete toolbox for tree-level
                        phenomenology}",
      journal        = "Comput. Phys. Commun.",
      volume         = "185",
      year           = "2014",
      pages          = "2250-2300",
      doi            = "10.1016/j.cpc.2014.04.012",
      eprint         = "1310.1921",
      archivePrefix  = "arXiv",
      primaryClass   = "hep-ph",
      reportNumber   = "CERN-PH-TH-2013-239, MCNET-13-14, IPPP-13-71,
                        DCPT-13-142, --PITT-PACC-1308",
      SLACcitation   = "%%CITATION = ARXIV:1310.1921;%%"
}

@article{Chen:2017eby,
      author         = "Chen, Chuan-Hung and Nomura, Takaaki",
      title          = "{Charged-Higgs on $R_{D^{(*)}}$, $\tau$ polarization, and
                        FBA}",
      journal        = "Eur. Phys. J.",
      volume         = "C77",
      year           = "2017",
      number         = "9",
      pages          = "631",
      doi            = "10.1140/epjc/s10052-017-5198-6",
      eprint         = "1703.03646",
      archivePrefix  = "arXiv",
      primaryClass   = "hep-ph",
      reportNumber   = "KIAS-P17017",
      SLACcitation   = "%%CITATION = ARXIV:1703.03646;%%"
}

@article{Iguro:2017ysu,
      author         = "Iguro, Syuhei and Tobe, Kazuhiro",
      title          = "{$R(D^{(*)})$ in a general two Higgs doublet model}",
      year           = "2017",
      eprint         = "1708.06176",
      archivePrefix  = "arXiv",
      primaryClass   = "hep-ph",
      SLACcitation   = "%%CITATION = ARXIV:1708.06176;%%"
}

@article{AristizabalSierra:2006ri,
      author         = "Aristizabal Sierra, D. and Restrepo, Diego",
      title          = "{Leptonic Charged Higgs Decays in the Zee Model}",
      journal        = "JHEP",
      volume         = "08",
      year           = "2006",
      pages          = "036",
      doi            = "10.1088/1126-6708/2006/08/036",
      eprint         = "hep-ph/0604012",
      archivePrefix  = "arXiv",
      primaryClass   = "hep-ph",
      reportNumber   = "IFIC-06-08",
      SLACcitation   = "%%CITATION = HEP-PH/0604012;%%"
}

@article{Altarelli:1989ff,
      author         = "Altarelli, Guido and Mele, B. and Ruiz-Altaba, M.",
      title          = "{Searching for New Heavy Vector Bosons in $p \bar{p}$
                        Colliders}",
      journal        = "Z. Phys.",
      volume         = "C45",
      year           = "1989",
      pages          = "109",
      doi            = "10.1007/BF01552335, 10.1007/BF01556677",
      note           = "[Erratum: Z. Phys.C47,676(1990)]",
      reportNumber   = "CERN-TH-5323-89",
      SLACcitation   = "%%CITATION = ZEPYA,C45,109;%%"
}


@article{Chen:2009gz,
      author         = "Chen, Chuan-Ren and Nojiri, Mihoko M. and Park, Seong
                        Chan and Shu, Jing and Takeuchi, Michihisa",
      title          = "{Dark matter and collider phenomenology of split-UED}",
      journal        = "JHEP",
      volume         = "09",
      year           = "2009",
      pages          = "078",
      doi            = "10.1088/1126-6708/2009/09/078",
      eprint         = "0903.1971",
      archivePrefix  = "arXiv",
      primaryClass   = "hep-ph",
      reportNumber   = "IPMU08-0023, YITP-09-16, KEK-TH-1306",
      SLACcitation   = "%%CITATION = ARXIV:0903.1971;%%"
}

@article{Kong:2010xk,
      author         = "Kong, Kyoungchul and Park, Seong Chan and Rizzo, Thomas
                        G.",
      title          = "{Collider Phenomenology with Split-UED}",
      journal        = "JHEP",
      volume         = "04",
      year           = "2010",
      pages          = "081",
      doi            = "10.1007/JHEP04(2010)081",
      eprint         = "1002.0602",
      archivePrefix  = "arXiv",
      primaryClass   = "hep-ph",
      reportNumber   = "IPMU10-0020, SLAC-PUB-13946",
      SLACcitation   = "%%CITATION = ARXIV:1002.0602;%%"
}

@article{Dalchenko:2017shg,
      author         = "Dalchenko, Mykhailo and Dutta, Bhaskar and Eusebi,
                        Ricardo and Huang, Peisi and Kamon, Teruki and Rathjens,
                        Denis",
      title          = "{Bottom-quark Fusion Processes at the LHC for Probing
                        $Z^{\prime}$ Models and B-meson Decay Anomalies}",
      year           = "2017",
      eprint         = "1707.07016",
      archivePrefix  = "arXiv",
      primaryClass   = "hep-ph",
      SLACcitation   = "%%CITATION = ARXIV:1707.07016;%%"
}

@article{Weinberg:1967tq,
      author         = "Weinberg, Steven",
      title          = "{A Model of Leptons}",
      journal        = "Phys. Rev. Lett.",
      volume         = "19",
      year           = "1967",
      pages          = "1264-1266",
      doi            = "10.1103/PhysRevLett.19.1264",
      SLACcitation   = "%%CITATION = PRLTA,19,1264;%%"
}

@article{Arnison:1983rp,
      author         = "Arnison, G. and others",
      title          = "{Experimental Observation of Isolated Large Transverse
                        Energy Electrons with Associated Missing Energy at
                        s**(1/2) = 540-GeV}",
      booktitle      = "{30 years of weak neutral currents}",
      collaboration  = "UA1",
      journal        = "Phys. Lett.",
      volume         = "B122",
      year           = "1983",
      pages          = "103-116",
      doi            = "10.1016/0370-2693(83)91177-2",
      note           = "[,611(1983)]",
      reportNumber   = "CERN-EP-83-13",
      SLACcitation   = "%%CITATION = PHLTA,B122,103;%%"
}

@article{Cabibbo:1963yz,
      author         = "Cabibbo, Nicola",
      title          = "{Unitary Symmetry and Leptonic Decays}",
      booktitle      = "{Meeting of the Italian School of Physics and Weak
                        Interactions Bologna, Italy, April 26-28, 1984}",
      journal        = "Phys. Rev. Lett.",
      volume         = "10",
      year           = "1963",
      pages          = "531-533",
      doi            = "10.1103/PhysRevLett.10.531",
      note           = "[,648(1963)]",
      SLACcitation   = "%%CITATION = PRLTA,10,531;%%"
}

@article{Glashow:1970gm,
      author         = "Glashow, S. L. and Iliopoulos, J. and Maiani, L.",
      title          = "{Weak Interactions with Lepton-Hadron Symmetry}",
      booktitle      = "{Meeting of the Italian School of Physics and Weak
                        Interactions Bologna, Italy, April 26-28, 1984}",
      journal        = "Phys. Rev.",
      volume         = "D2",
      year           = "1970",
      pages          = "1285-1292",
      doi            = "10.1103/PhysRevD.2.1285",
      SLACcitation   = "%%CITATION = PHRVA,D2,1285;%%"
}

@article{Beringer:1900zz,
      author         = "Beringer, J. and others",
      title          = "{Review of Particle Physics (RPP)}",
      collaboration  = "Particle Data Group",
      journal        = "Phys. Rev.",
      volume         = "D86",
      year           = "2012",
      pages          = "010001",
      doi            = "10.1103/PhysRevD.86.010001",
      reportNumber   = "SLAC-REPRINT-2014-001",
      SLACcitation   = "%%CITATION = PHRVA,D86,010001;%%"
}

@article{Khachatryan:2015pua,
      author         = "Khachatryan, Vardan and others",
      title          = "{Search for W' decaying to tau lepton and neutrino in
                        proton-proton collisions at $\sqrt(s) =$ 8 TeV}",
      collaboration  = "CMS",
      journal        = "Phys. Lett.",
      volume         = "B755",
      year           = "2016",
      pages          = "196-216",
      doi            = "10.1016/j.physletb.2016.02.002",
      eprint         = "1508.04308",
      archivePrefix  = "arXiv",
      primaryClass   = "hep-ex",
      reportNumber   = "CMS-EXO-12-011, CERN-PH-EP-2015-190",
      SLACcitation   = "%%CITATION = ARXIV:1508.04308;%%"
}

@article{Aaboud:2018vgh,
      author         = "Aaboud, Morad and others",
      title          = "{Search for High-Mass Resonances Decaying to $\tau\nu$ in
                        $pp$ Collisions at $\sqrt{s}$ = 13 TeV with the ATLAS
                        Detector}",
      collaboration  = "ATLAS",
      journal        = "Phys. Rev. Lett.",
      volume         = "120",
      year           = "2018",
      number         = "16",
      pages          = "161802",
      doi            = "10.1103/PhysRevLett.120.161802",
      eprint         = "1801.06992",
      archivePrefix  = "arXiv",
      primaryClass   = "hep-ex",
      reportNumber   = "CERN-EP-2017-341",
      SLACcitation   = "%%CITATION = ARXIV:1801.06992;%%"
}


\bibitem{Altmannshofer:2017poe}
W.~Altmannshofer, P.~Bhupal~Dev, and A.~Soni, ``{$R_{D^{(*)}}$ anomaly: A
  possible hint for natural supersymmetry with $R$-parity violation},''
  \href{http://dx.doi.org/10.1103/PhysRevD.96.095010}{{\em Phys. Rev.}
  {\bfseries D96} no.~9, (2017) 095010},
\href{http://arxiv.org/abs/1704.06659}{{\ttfamily arXiv:1704.06659 [hep-ph]}}.
%%CITATION = ARXIV:1704.06659;%%.

@article{Asadi:2018wea,
      author         = "Asadi, Pouya and Buckley, Matthew R. and Shih, David",
      title          = "{It's all right(-handed neutrinos): a new $W'$ model for
                        the $R_{D^{(*)}}$ anomaly}",
      year           = "2018",
      eprint         = "1804.04135",
      archivePrefix  = "arXiv",
      primaryClass   = "hep-ph",
      SLACcitation   = "%%CITATION = ARXIV:1804.04135;%%"
}

@article{Craig:2016rqv,
      author         = "Craig, Nathaniel and Draper, Patrick and Kong, Kyoungchul
                        and Ng, Yvonne and Whiteson, Daniel",
      title          = "{The unexplored landscape of two-body resonances}",
      year           = "2016",
      eprint         = "1610.09392",
      archivePrefix  = "arXiv",
      primaryClass   = "hep-ph",
      reportNumber   = "PITT-PACC-1610",
      SLACcitation   = "%%CITATION = ARXIV:1610.09392;%%"
}

@article{Boucenna:2016qad,
      author         = "Boucenna, Sofiane M. and Celis, Alejandro and
                        Fuentes-Martin, Javier and Vicente, Avelino and Virto,
                        Javier",
      title          = "{Phenomenology of an $SU(2) \times SU(2) \times U(1)$
                        model with lepton-flavour non-universality}",
      journal        = "JHEP",
      volume         = "12",
      year           = "2016",
      pages          = "059",
      doi            = "10.1007/JHEP12(2016)059",
      eprint         = "1608.01349",
      archivePrefix  = "arXiv",
      primaryClass   = "hep-ph",
      reportNumber   = "LMU-ASC-34-16, IFIC-16-62",
      SLACcitation   = "%%CITATION = ARXIV:1608.01349;%%"
}

@article{Alwall:2007fs,
      author         = "Alwall, Johan and others",
      title          = "{Comparative study of various algorithms for the merging
                        of parton showers and matrix elements in hadronic
                        collisions}",
      journal        = "Eur. Phys. J.",
      volume         = "C53",
      year           = "2008",
      pages          = "473-500",
      doi            = "10.1140/epjc/s10052-007-0490-5",
      eprint         = "0706.2569",
      archivePrefix  = "arXiv",
      primaryClass   = "hep-ph",
      reportNumber   = "SLAC-PUB-12604, CERN-PH-TH-2007-066, LU-TP-07-13,
                        KA-TP-06-2007, DCPT-07-62, IPPP-07-31",
      SLACcitation   = "%%CITATION = ARXIV:0706.2569;%%"
}

@article{Degrande:2011ua,
      author         = "Degrande, Celine and Duhr, Claude and Fuks, Benjamin and
                        Grellscheid, David and Mattelaer, Olivier and Reiter,
                        Thomas",
      title          = "{UFO - The Universal FeynRules Output}",
      journal        = "Comput. Phys. Commun.",
      volume         = "183",
      year           = "2012",
      pages          = "1201-1214",
      doi            = "10.1016/j.cpc.2012.01.022",
      eprint         = "1108.2040",
      archivePrefix  = "arXiv",
      primaryClass   = "hep-ph",
      reportNumber   = "CP3-11-25, IPHC-PHENO-11-04, IPPP-11-39, DCPT-11-78,
                        MPP-2011-68",
      SLACcitation   = "%%CITATION = ARXIV:1108.2040;%%"
}

@article{Christensen:2008py,
      author         = "Christensen, Neil D. and Duhr, Claude",
      title          = "{FeynRules - Feynman rules made easy}",
      journal        = "Comput. Phys. Commun.",
      volume         = "180",
      year           = "2009",
      pages          = "1614-1641",
      doi            = "10.1016/j.cpc.2009.02.018",
      eprint         = "0806.4194",
      archivePrefix  = "arXiv",
      primaryClass   = "hep-ph",
      reportNumber   = "MSUHEP-080616, CP3-08-20",
      SLACcitation   = "%%CITATION = ARXIV:0806.4194;%%"
}

@article{deFavereau:2013fsa,
      author         = "de Favereau, J. and Delaere, C. and Demin, P. and
                        Giammanco, A. and Lemaître, V. and Mertens, A. and
                        Selvaggi, M.",
      title          = "{DELPHES 3, A modular framework for fast simulation of a
                        generic collider experiment}",
      collaboration  = "DELPHES 3",
      journal        = "JHEP",
      volume         = "02",
      year           = "2014",
      pages          = "057",
      doi            = "10.1007/JHEP02(2014)057",
      eprint         = "1307.6346",
      archivePrefix  = "arXiv",
      primaryClass   = "hep-ex",
      SLACcitation   = "%%CITATION = ARXIV:1307.6346;%%"
}

@article{Sjostrand:2014zea,
      author         = "Sjöstrand, Torbjörn and Ask, Stefan and Christiansen,
                        Jesper R. and Corke, Richard and Desai, Nishita and Ilten,
                        Philip and Mrenna, Stephen and Prestel, Stefan and
                        Rasmussen, Christine O. and Skands, Peter Z.",
      title          = "{An Introduction to PYTHIA 8.2}",
      journal        = "Comput. Phys. Commun.",
      volume         = "191",
      year           = "2015",
      pages          = "159-177",
      doi            = "10.1016/j.cpc.2015.01.024",
      eprint         = "1410.3012",
      archivePrefix  = "arXiv",
      primaryClass   = "hep-ph",
      reportNumber   = "LU-TP-14-36, MCNET-14-22, CERN-PH-TH-2014-190,
                        FERMILAB-PUB-14-316-CD, DESY-14-178, SLAC-PUB-16122",
      SLACcitation   = "%%CITATION = ARXIV:1410.3012;%%"
}

@article{Alwall:2014hca,
      author         = "Alwall, J. and Frederix, R. and Frixione, S. and Hirschi,
                        V. and Maltoni, F. and Mattelaer, O. and Shao, H. -S. and
                        Stelzer, T. and Torrielli, P. and Zaro, M.",
      title          = "{The automated computation of tree-level and
                        next-to-leading order differential cross sections, and
                        their matching to parton shower simulations}",
      journal        = "JHEP",
      volume         = "07",
      year           = "2014",
      pages          = "079",
      doi            = "10.1007/JHEP07(2014)079",
      eprint         = "1405.0301",
      archivePrefix  = "arXiv",
      primaryClass   = "hep-ph",
      reportNumber   = "CERN-PH-TH-2014-064, CP3-14-18, LPN14-066, MCNET-14-09,
                        ZU-TH-14-14",
      SLACcitation   = "%%CITATION = ARXIV:1405.0301;%%"
}

@article{Altmannshofer:2017poe,
      author         = "Altmannshofer, Wolfgang and Bhupal Dev, P.S. and Soni, Amarjit",
      title          = "{$R_{D^{(*)}}$ anomaly: A possible hint for natural
                        supersymmetry with $R$-parity violation}",
      journal        = "Phys. Rev.",
      volume         = "D96",
      year           = "2017",
      number         = "9",
      pages          = "095010",
      doi            = "10.1103/PhysRevD.96.095010",
      eprint         = "1704.06659",
      archivePrefix  = "arXiv",
      primaryClass   = "hep-ph",
      SLACcitation   = "%%CITATION = ARXIV:1704.06659;%%"
}
@misc{mo_abdullah_2018_1240452,
  author       = {Mo Abdullah},
  title        = {moabdullah/WPrime: First release},
  month        = may,
  year         = 2018,
  doi          = {10.5281/zenodo.1240452},
  url          = {https://doi.org/10.5281/zenodo.1240452}
}

@article{Abdullah:2018ets,
      author         = "Abdullah, Mohammad and Calle, Julian and Dutta, Bhaskar
                        and Flórez, Andrés and Restrepo, Diego",
      title          = "{Probing a simplified, $W^{\prime}$ model of
                        $R(D^{(\ast)})$ anomalies using $b$-tags, $\tau$ leptons
                        and missing energy}",
      journal        = "Phys. Rev.",
      volume         = "D98",
      year           = "2018",
      number         = "5",
      pages          = "055016",
      doi            = "10.1103/PhysRevD.98.055016",
      eprint         = "1805.01869",
      archivePrefix  = "arXiv",
      primaryClass   = "hep-ph",
      reportNumber   = "MI-TH-1881",
      SLACcitation   = "%%CITATION = ARXIV:1805.01869;%%"
}

@article{Faber:2018qon,
      author         = "Faber, Thomas and Hudec, Matěj and Malinský, Michal and
                        Meinzinger, Peter and Porod, Werner and Staub, Florian",
      title          = "{A unified leptoquark model confronted with lepton
                        non-universality in $B$-meson decays}",
      year           = "2018",
      eprint         = "1808.05511",
      archivePrefix  = "arXiv",
      primaryClass   = "hep-ph",
      reportNumber   = "KA-TP-21-2018",
      SLACcitation   = "%%CITATION = ARXIV:1808.05511;%%"
}

@article{Amhis:2014hma,
      author         = "Amhis, Y. and others",
      title          = "{Averages of $b$-hadron, $c$-hadron, and $\tau$-lepton
                        properties as of summer 2014}",
      collaboration  = "Heavy Flavor Averaging Group (HFAG)",
      year           = "2014",
      eprint         = "1412.7515",
      archivePrefix  = "arXiv",
      primaryClass   = "hep-ex",
      reportNumber   = "FERMILAB-PUB-15-004-PPD",
      SLACcitation   = "%%CITATION = ARXIV:1412.7515;%%"
}

@article{Abazov:2007wy,
      author         = "Abazov, V. M. and others",
      title          = "{$Z \gamma$ production and limits on anomalous $Z Z
                        \gamma$ and $Z \gamma \gamma$ couplings in $p\bar{p}$
                        collisions at $\sqrt{s}$ = 1.96- TeV}",
      collaboration  = "D0",
      journal        = "Phys. Lett.",
      volume         = "B653",
      year           = "2007",
      pages          = "378-386",
      doi            = "10.1016/j.physletb.2007.08.035",
      eprint         = "0705.1550",
      archivePrefix  = "arXiv",
      primaryClass   = "hep-ex",
      reportNumber   = "FERMILAB-PUB-07-117-E, 0705.1550",
      SLACcitation   = "%%CITATION = ARXIV:0705.1550;%%"
}

@article{Fermi:1933jpa,
      author         = "Fermi, Enrico",
      title          = "{Tentativo di una teoria dell'emissione dei raggi beta}",
      journal        = "Ric. Sci.",
      volume         = "4",
      year           = "1933",
      pages          = "491-495",
      SLACcitation   = "%%CITATION = RISCA,4,491;%%"
}

@article{Lee:1960qw,
      author         = "Lee, T. D. and Yang, Chen-Ning",
      title          = "{Implications of the Intermediate Boson Basis of the Weak
                        Interactions: Existence of a Quartet of Intermediate
                        Bosons and Their Dual Isotopic Spin Transformation
                        Properties}",
      journal        = "Phys. Rev.",
      volume         = "119",
      year           = "1960",
      pages          = "1410-1419",
      doi            = "10.1103/PhysRev.119.1410",
      SLACcitation   = "%%CITATION = PHRVA,119,1410;%%"
}

@article{Kienzle:1965zz,
      author         = "Kienzle, W. and Maglic, B. C. and Levrat, B. and
                        Lefebvres, F. and Blieden, H. R. and Freytag, D.",
      title          = "{Evidence for a Singly Charged Boson of Mass 962 MeV and
                        Narrow Width}",
      journal        = "Phys. Lett.",
      volume         = "19",
      year           = "1965",
      pages          = "438-441",
      doi            = "10.1016/0031-9163(65)90932-7",
      SLACcitation   = "%%CITATION = PHLTA,19,438;%%"
}

@article{Kramer:1970ed,
      author         = "Kramer, S. L. and others",
      title          = "{STUDY OF HIGH MASS BOSON STRUCTURES IN pi+ p
                        INTERACTIONS AT 13.1-GeV}",
      journal        = "Part. Nucl.",
      volume         = "1",
      year           = "1970",
      pages          = "131",
      SLACcitation   = "%%CITATION = PANUA,1,131;%%"
}

@article{Arnison:1983mk,
      author         = "Arnison, G. and others",
      title          = "{Experimental Observation of Lepton Pairs of Invariant
                        Mass Around 95-GeV/c**2 at the CERN SPS Collider}",
      booktitle      = "{30 years of weak neutral currents}",
      collaboration  = "UA1",
      journal        = "Phys. Lett.",
      volume         = "B126",
      year           = "1983",
      pages          = "398-410",
      doi            = "10.1016/0370-2693(83)90188-0",
      note           = "[,7.55(1983)]",
      reportNumber   = "CERN-EP-83-73",
      SLACcitation   = "%%CITATION = PHLTA,B126,398;%%"
}

@inproceedings{Rubbia:1984xy,
      author         = "Rubbia, Carlo",
      title          = "{Discovery of the W$^+$, W$^-$ and $Z^{0}$ Bosons}",
      booktitle      = "{Old and New Problems in Fundamental Physics: Meeting in
                        Honour of G.C. Wick}",
      year           = "1984",
      pages          = "55-107",
      SLACcitation   = "%%CITATION = INSPIRE-211706;%%"
}

@article{Aubert:1974js,
      author         = "Aubert, J. J. and others",
      title          = "{Experimental Observation of a Heavy Particle $J$}",
      collaboration  = "E598",
      journal        = "Phys. Rev. Lett.",
      volume         = "33",
      year           = "1974",
      pages          = "1404-1406",
      doi            = "10.1103/PhysRevLett.33.1404",
      reportNumber   = "COO-3069-271",
      SLACcitation   = "%%CITATION = PRLTA,33,1404;%%"
}

@article{Kobayashi:1973fv,
      author         = "Kobayashi, Makoto and Maskawa, Toshihide",
      title          = "{CP Violation in the Renormalizable Theory of Weak
                        Interaction}",
      journal        = "Prog. Theor. Phys.",
      volume         = "49",
      year           = "1973",
      pages          = "652-657",
      doi            = "10.1143/PTP.49.652",
      reportNumber   = "KUNS-242",
      SLACcitation   = "%%CITATION = PTPKA,49,652;%%"
}

@article{Degrande:2016aje,
      author         = "Degrande, Celine and Mattelaer, Olivier and Ruiz, Richard
                        and Turner, Jessica",
      title          = "{Fully-Automated Precision Predictions for Heavy Neutrino
                        Production Mechanisms at Hadron Colliders}",
      journal        = "Phys. Rev.",
      volume         = "D94",
      year           = "2016",
      number         = "5",
      pages          = "053002",
      doi            = "10.1103/PhysRevD.94.053002",
      eprint         = "1602.06957",
      archivePrefix  = "arXiv",
      primaryClass   = "hep-ph",
      reportNumber   = "IPPP-16-13, MCNET-16-05",
      SLACcitation   = "%%CITATION = ARXIV:1602.06957;%%"
}

@article{Fuks:2017vtl,
      author         = "Fuks, Benjamin and Ruiz, Richard",
      title          = "{A comprehensive framework for studying $W'$ and $Z'$
                        bosons at hadron colliders with automated jet veto
                        resummation}",
      journal        = "JHEP",
      volume         = "05",
      year           = "2017",
      pages          = "032",
      doi            = "10.1007/JHEP05(2017)032",
      eprint         = "1701.05263",
      archivePrefix  = "arXiv",
      primaryClass   = "hep-ph",
      reportNumber   = "IPPP-17-1",
      SLACcitation   = "%%CITATION = ARXIV:1701.05263;%%"
}

@article{Degrande:2014vpa,
      author         = "Degrande, Celine",
      title          = "{Automatic evaluation of UV and R2 terms for beyond the
                        Standard Model Lagrangians: a proof-of-principle}",
      journal        = "Comput. Phys. Commun.",
      volume         = "197",
      year           = "2015",
      pages          = "239-262",
      doi            = "10.1016/j.cpc.2015.08.015",
      eprint         = "1406.3030",
      archivePrefix  = "arXiv",
      primaryClass   = "hep-ph",
      reportNumber   = "IPPP-14-58, DCPT-14-116",
      SLACcitation   = "%%CITATION = ARXIV:1406.3030;%%"
}

@article{CMS:2018vff,
      author         = "CMS Collaboration",
      title          = "{Search for a W' boson decaying to a $\tau$ lepton and a
                        neutrino in proton-proton collisions at $\sqrt{s}$ = 13
                        TeV}",
      collaboration  = "CMS",
      year           = "2018",
      reportNumber   = "CMS-PAS-EXO-17-008",
      SLACcitation   = "%%CITATION = CMS-PAS-EXO-17-008;%%"
}

@techreport{ATL-PHYS-PUB-2015-023,
      title         = "{Expected performance of missing transverse momentum
                       reconstruction for the ATLAS detector at $\sqrt{s}=
                       13~\text{TeV}$}",
      institution   = "CERN",
      address       = "Geneva",
      number        = "ATL-PHYS-PUB-2015-023",
      month         = "Jul",
      year          = "2015",
      reportNumber  = "ATL-PHYS-PUB-2015-023",
      url           = "https://cds.cern.ch/record/2037700",
}

@thesis{Padeken:2265826,
      author        = "Padeken, Klaas Ole and Hebbeker, Thomas",
      title         = "{Search for new physics in the tau plus missing energy
                       final states at CMS}",
      year          = "2017",
      reportNumber  = "CERN-THESIS-2017-044",
      url           = "https://cds.cern.ch/record/2265826",
      note          = "Presented 18 Apr 2017",
}

@article{Aad:2014rga,
      author         = "Aad, Georges and others",
      title          = "{Identification and energy calibration of hadronically
                        decaying tau leptons with the ATLAS experiment in $pp$
                        collisions at $\sqrt{s}$=8 TeV}",
      collaboration  = "ATLAS",
      journal        = "Eur. Phys. J.",
      volume         = "C75",
      year           = "2015",
      number         = "7",
      pages          = "303",
      doi            = "10.1140/epjc/s10052-015-3500-z",
      eprint         = "1412.7086",
      archivePrefix  = "arXiv",
      primaryClass   = "hep-ex",
      reportNumber   = "CERN-PH-EP-2014-227",
      SLACcitation   = "%%CITATION = ARXIV:1412.7086;%%"
}

@techreport{CMS-PAS-LUM-13-001,
      title         = "{CMS Luminosity Based on Pixel Cluster Counting - Summer
                       2013 Update}",
      institution   = "CERN",
      collaboration = "CMS Collaboration",
      address       = "Geneva",
      number        = "CMS-PAS-LUM-13-001",
      year          = "2013",
      reportNumber  = "CMS-PAS-LUM-13-001",
      url           = "http://cds.cern.ch/record/1598864",
}

@article{Khachatryan:2016kdb,
      author         = "Khachatryan, Vardan and others",
      title          = "{Jet energy scale and resolution in the CMS experiment in
                        pp collisions at 8 TeV}",
      collaboration  = "CMS",
      journal        = "JINST",
      volume         = "12",
      year           = "2017",
      number         = "02",
      pages          = "P02014",
      doi            = "10.1088/1748-0221/12/02/P02014",
      eprint         = "1607.03663",
      archivePrefix  = "arXiv",
      primaryClass   = "hep-ex",
      reportNumber   = "CMS-JME-13-004, CERN-PH-EP-2015-305",
      SLACcitation   = "%%CITATION = ARXIV:1607.03663;%%"
}


@article{Khachatryan:2015dfa,
      author         = "Khachatryan, Vardan and others",
      title          = "{Reconstruction and identification of τ lepton decays to
                        hadrons and ν$_τ$ at CMS}",
      collaboration  = "CMS",
      journal        = "JINST",
      volume         = "11",
      year           = "2016",
      number         = "01",
      pages          = "P01019",
      doi            = "10.1088/1748-0221/11/01/P01019",
      eprint         = "1510.07488",
      archivePrefix  = "arXiv",
      primaryClass   = "physics.ins-det",
      reportNumber   = "CMS-TAU-14-001, CERN-PH-EP-2015-261",
      SLACcitation   = "%%CITATION = ARXIV:1510.07488;%%"
}

@techreport{ATLAS-CONF-2017-029,
      title         = "{Measurement of the tau lepton reconstruction and
                       identification performance in the ATLAS experiment using
                       $pp$ collisions at $\sqrt{s}=13~{\rm TeV}$}",
      institution   = "CERN",
      collaboration = "ATLAS Collaboration",
      address       = "Geneva",
      number        = "ATLAS-CONF-2017-029",
      month         = "May",
      year          = "2017",
      reportNumber  = "ATLAS-CONF-2017-029",
      url           = "https://cds.cern.ch/record/2261772",
}

@article{Aaboud:2018vgh,
      author         = "Aaboud, Morad and others",
      title          = "{Search for High-Mass Resonances Decaying to $\tau\nu$ in
                        pp Collisions at $\sqrt{s}$=13  TeV with the ATLAS
                        Detector}",
      collaboration  = "ATLAS",
      journal        = "Phys. Rev. Lett.",
      volume         = "120",
      year           = "2018",
      number         = "16",
      pages          = "161802",
      doi            = "10.1103/PhysRevLett.120.161802",
      eprint         = "1801.06992",
      archivePrefix  = "arXiv",
      primaryClass   = "hep-ex",
      reportNumber   = "CERN-EP-2017-341",
      SLACcitation   = "%%CITATION = ARXIV:1801.06992;%%"
}

@article{Punzi:2003bu,
      author         = "Punzi, Giovanni",
      title          = "{Sensitivity of searches for new signals and its
                        optimization}",
      booktitle      = "{Statistical problems in particle physics, astrophysics
                        and cosmology. Proceedings, Conference, PHYSTAT 2003,
                        Stanford, USA, September 8-11, 2003}",
      journal        = "eConf",
      volume         = "C030908",
      year           = "2003",
      pages          = "MODT002",
      note           = "[,79(2003)]",
      eprint         = "physics/0308063",
      archivePrefix  = "arXiv",
      primaryClass   = "physics",
      reportNumber   = "PHYSTAT-2003-MODT002",
      SLACcitation   = "%%CITATION = PHYSICS/0308063;%%"
}